<?xml version="1.0" encoding="UTF-8"?><collection xmlns="http://www.loc.gov/MARC21/slim"><record><leader>00503nam--2200181-u-4500</leader><controlfield tag="001">000056897</controlfield><controlfield tag="002">20200911</controlfield><controlfield tag="005">20200911045253</controlfield><controlfield tag="008">200911s1000------------r-----000-0-rum-d</controlfield><datafield ind1=" " ind2=" " tag="020"><subfield code="a">IFIN-HH</subfield></datafield><datafield ind1=" " ind2=" " tag="041"><subfield code="a">rum</subfield></datafield><datafield ind1="1" ind2=" " tag="100"><subfield code="a">Hawking, Stephen W</subfield></datafield><datafield ind1="1" ind2="0" tag="245"><subfield code="a">O mai scurta istorie a timpului</subfield><subfield code="c">Stephen W. Hawking; Leonard Mlodinow</subfield></datafield><datafield ind1=" " ind2=" " tag="260"><subfield code="a">Bucuresti</subfield><subfield code="b">Humanitas</subfield><subfield code="c">2005</subfield></datafield><datafield ind1=" " ind2=" " tag="300"><subfield code="a">185 p</subfield></datafield><datafield ind1=" " ind2=" " tag="500"><subfield code="a">Donatie acad. Nicolae Victor Zamfir</subfield></datafield><datafield ind1="1" ind2=" " tag="700"><subfield code="a">Mlodinow, Leonard</subfield></datafield><datafield ind1=" " ind2=" " tag="CAT"><subfield code="a">SYS</subfield><subfield code="c">20200911</subfield><subfield code="h">045253</subfield></datafield></record></collection>